<record><leader>00000cas a22000007a 4500</leader><controlfield tag="001">11447629</controlfield><controlfield tag="008">841203d19271960nyudr ne      0    0eng  </controlfield><controlfield tag="009">466</controlfield><datafield ind1=" " ind2=" " tag="010"><subfield code="a">sn 84020722 </subfield></datafield><datafield ind1=" " ind2=" " tag="040"><subfield code="a">DLC</subfield><subfield code="b">eng</subfield><subfield code="c">DLC</subfield><subfield code="d">NYS</subfield><subfield code="d">OCLCQ</subfield></datafield><datafield ind1="1" ind2=" " tag="029"><subfield code="a">AU@</subfield><subfield code="b">000020344293</subfield></datafield><datafield ind1=" " ind2=" " tag="042"><subfield code="a">msc</subfield></datafield><datafield ind1="0" ind2="0" tag="050"><subfield code="a">Newspaper 7002</subfield></datafield><datafield ind1="0" ind2=" " tag="130"><subfield code="a">Binghamton sun (Binghamton, N.Y. : Daily)</subfield></datafield><datafield ind1="0" ind2="4" tag="245"><subfield code="a">The Binghamton sun.</subfield></datafield><datafield ind1=" " ind2=" " tag="260"><subfield code="a">Binghamton, N.Y. :</subfield><subfield code="b">Morning Sun</subfield></datafield><datafield ind1=" " ind2=" " tag="300"><subfield code="a">v. :</subfield><subfield code="b">ill. ;</subfield><subfield code="c">59 cm.</subfield></datafield><datafield ind1=" " ind2=" " tag="310"><subfield code="a">Daily,</subfield><subfield code="b">19&lt;50&gt;-1960</subfield></datafield><datafield ind1=" " ind2=" " tag="321"><subfield code="a">Daily (except Sunday),</subfield><subfield code="b">1927-19&lt;49&gt;</subfield></datafield><datafield ind1="0" ind2=" " tag="362"><subfield code="a">105th year, no. 16 (Jan. 3, 1927)-138th year, no. 267 (Aug. 31, 1960).</subfield></datafield><datafield ind1=" " ind2="4" tag="651"><subfield code="a">Binghamton (N.Y.)</subfield><subfield code="v">Newspapers.</subfield></datafield><datafield ind1=" " ind2=" " tag="752"><subfield code="a">United States</subfield><subfield code="b">New York</subfield><subfield code="c">Broome</subfield><subfield code="d">Binghamton.</subfield></datafield><datafield ind1="0" ind2=" " tag="775"><subfield code="t">Binghamton sun (Binghamton, N.Y. : Weekly)</subfield><subfield code="w">(DLC)sn 92061618</subfield></datafield><datafield ind1="0" ind2="0" tag="780"><subfield code="t">Sun (Binghamton, N.Y.)</subfield><subfield code="w">(DLC)sn 90066477</subfield><subfield code="w">(OCoLC)22102179</subfield></datafield><datafield ind1="0" ind2="7" tag="785"><subfield code="t">Daily bulletin (Endicott, N.Y.)</subfield><subfield code="w">(DLC)sn 90066578</subfield></datafield><datafield ind1="0" ind2="7" tag="785"><subfield code="t">Binghamton sun and the daily bulletin</subfield><subfield code="w">(DLC)sn 90066579</subfield><subfield code="w">(OCoLC)22742555</subfield></datafield></record>